@inbook{cochrane,
author = {Green, Sally and Higgins, Julian PT and Alderson, Philip and Clarke, Mike and Mulrow, Cynthia D and Oxman, Andrew D},
publisher = {John Wiley & Sons, Ltd},
isbn = {9780470712184},
title = {Introduction},
booktitle = {Cochrane Handbook for Systematic Reviews of Interventions},
chapter = {1},
pages = {1-9},
doi = {https://doi.org/10.1002/9780470712184.ch1},
url = {https://onlinelibrary.wiley.com/doi/abs/10.1002/9780470712184.ch1},
eprint = {https://onlinelibrary.wiley.com/doi/pdf/10.1002/9780470712184.ch1},
year = {2008},
keywords = {Cochrane Collaboration and healthcare, Cochrane Collaboration principles, Cochrane Collaboration and Cochrane Review Groups (CRGs), Cochrane Methods Groups, Cochrane Database of Systematic Reviews (CDSR), Cochrane reviews - systematic review, Cochrane Handbook for Systematic Reviews of Interventions (Version 5), ‘The Cochrane Collaboration Tool Kit’},
abstract = {Summary This chapter contains sections titled: The Cochrane Collaboration Systematic reviews About this Handbook Contributors to the Handbook Chapter information References}
}

@misc{brown_uni, 
    title={Scientific Literature Review Resources and Services}, 
    url={https://libguides.brown.edu/Reviews/types}, 
    author={{Brown University Library}}, 
    year={2021}, 
}

@article{SchweizerMarinL2017Apgt,
issn = {0196-6553},
abstract = {Systematic literature reviews and meta-analyses are important research designs used to summarize and derive conclusions about the collective evidence on a focused research question in a structured, reproducible manner. The goal of this Methodology Minute is to describe how to conduct a systematic literature review and meta-analysis using a step-by-step approach to help infection preventionists (IPs) and others in the field perform their own systematic literature review and meta-analysis, and to critically evaluate published systematic literature reviews and meta-analyses.},
journal = {American journal of infection control},
pages = {1292--1294},
volume = {45},
publisher = {Elsevier Inc},
number = {11},
year = {2017},
title = {A practical guide to systematic literature reviews and meta-analyses in infection prevention: Planning, challenges, and execution},
copyright = {2017},
language = {eng},
address = {United States},
author = {Schweizer, Marin L and Nair, Rajeshwari},
keywords = {Meta-Analysis as Topic ; Infection Control - methods ; Review Literature as Topic ; Humans ; Career development ; Medical colleges ; Health aspects},
}

@Book{ggplot2,
    author = {Hadley Wickham},
    title = {ggplot2: Elegant Graphics for Data Analysis},
    publisher = {Springer-Verlag New York},
    year = {2016},
    isbn = {978-3-319-24277-4},
    url = {https://ggplot2.tidyverse.org},
  }